@online{Firstarticle,
    author    = {DStruths},
    title     = {Multi-series line chart interactive},
    journal   = {DStruthsâ€™s Block 9c042e3a6b66048b5bd4 },
    year      = {2018},
}
@online{Secondarticle,
    author    = {Adam Ponzi* and Jeff Wickens },
    title     = {Input dependent cell assembly dynamics in a model of the striatal medium spiny neuron network},
    journal   = {Front. Syst. Neurosci},
    year      = {2012},
}
@online{Thirdarticle,
    author    = {Jim Vallandingham},
    title     = {Song Networks: Interative Network Tutorial},
    journal   = {Similar Song Networks},
}
@online{Fourtharticle,
    author    = {Daniel Penfield },
    title     = {Scatter diagram for quality characteristic XXX.svg},
    journal   = {Wikimedia Commons},
    year      = {2010},
}
